@ARTICLE{Baxrychwil:2005,
author={A. Baxevani and I. Rychlik and R. Wilson},
year=2005,
title={A new method for modelling
the space variability of significant wave height},
journal={Extremes},
volume=8,
pages={267-294}
}

@ARTICLE{brooksgelman:1998,
Author = {Brooks, S.P. and Gelman, A.},
Title = {General Methods for Monitoring Convergence of Iterative
  Simulations},
Journal = {Journal of computational and graphical
  statistics},
Year = {1998},
Volume = {7},
Issue = {},
Pages = {434-455}
}

@Book{cramerleadbetter:1967,
Author = {Cram\'{e}r, H. and Leadbetter, M.R.},
Title = {Stationary and Related Stochastic Processes},
Year = {1967},
Publisher = {Wiley}
}

@Book{newbook:2019,
Author = {McDonald, T.},
Title = {New Book to be Referenced},
Year = {2019},
Publisher = {Wiley}
}

@UNPUBLISHED{French:draft,
  author = {S. French},
  year = 2002,
  title = {Modelling, Making Inferences and Making Decisions: The Roles of
          Sensitivity Analysis},
  journal = {In submission},
  pages = 18,
  note = {In submission}
}

@PHDTHESIS{parnell:2005,
Author = {Parnell, A. C.},
Title = {The statistical analysis of former sea level},
Year = {2005},
School = {Department of Probability \& Statistics},
Address = {University of Sheffield, UK}
}

@INCOLLECTION{geweke1,
Author = {Geweke, J.},
Title = {Evaluating the accuracy of sampling-based
approaches to calculating posterior moments},
Booktitle = {Bayesian Statistics 4},
Editor = {J.M. Bernardo, J.O. Berger, A.P. Dawid
and A.F.M. Smith},
Year = {1991},
Publisher = {Oxford University Press}
}

@Manual{Rlang:2005,
Title = {R: A Language and Environment for Statistical Computing},
Author = {{R Development Core Team}},
Organization = {R Foundation for Statistical Computing},
Address = {Vienna, Austria},
Year = 2005,
Note = {{ISBN} 3-900051-07-0: available from \verb+http://www.R-project.org+}
}
